@incollection{mintzberg1989,
  title={The structuring of organizations},
  author={Mintzberg, Henry},
  booktitle={Readings in strategic management},
  year={1989},
  publisher={Springer}
}

@article{padget2009sendero,
  title={Sendero: an extended, agent-based implementation of Kauffmanâ€™s NKCS Model},
  author={Padget, Julian and Vidgen, Richard and Mitchell, James and Marshall, Amy and Mellor, Rick and others},
  journal={Journal of Artificial Societies and Social Simulation},
  volume={12},
  number={4},
  pages={824--844},
  year={2009},
  publisher={Journal of Artificial Societies and Social Simulation}
}